@Book{garland99,
 author = {Garland, Michael},
 title = {Quadric-Based Polygonal Surface Simplification},
 year = {1999},
 publisher = {School of Computer Science Carnegie Mellon University}
} 

@Book{garland97,
 author = {Garland, Michael and Heckbert, Paul S.},
 title = {Surface Simplification Using Quadric Error Metrics},
 year = {1997},
 publisher = {ACM Press/Addison-Wesley Publishing Co.}
}

@Book{cormen01,
  author = {Cormen, Thomas H. and Leiserson, Charles E. and Rivest, Ronald L. and Stein, Clifford},
  title = {Introduction to Algorithms},
  year = {2001},
  publisher = {The MIT Press}
}

@misc{eigenLU19,
  author = {Eigen},
  year = {2019},
  howpublished = "\url{https://eigen.tuxfamily.org/dox classEigen_1_1FullPivLU.html}",
  note = "[Online; accessed 23-Oct-2019]"
}